% Encoding: UTF-8

@TechReport{Droms1997,
  author    = {Droms, Ralph},
  date      = {1997},
  title     = {Dynamic Host Configuration Protocol},
  doi       = {10.17487/RFC2131},
  url       = {https://www.rfc-editor.org/info/rfc2131},
  groups    = {Bachelorproef},
  publisher = {RFC Editor},
}

@TechReport{Mockapetris1987,
  author = {Mockapetris, Paul},
  date   = {1987},
  title  = {Domain names-concepts and facilities},
  doi    = {10.17487/RFC1034},
  url    = {https://www.rfc-editor.org/info/rfc1034},
  groups = {Bachelorproef},
}

@TechReport{Postel1981,
  author = {Postel, Jon},
  date   = {1981},
  title  = {Internet protocol},
  doi    = {10.17487/RFC0791},
  url    = {https://www.rfc-editor.org/rfc/rfc791},
  groups = {Bachelorproef},
}

@Book{Rooney2020,
  author    = {Rooney, Timothy and Dooley, Michael},
  date      = {2020},
  title     = {IP Address Management},
  doi       = {10.1002/9781119692263},
  publisher = {John Wiley \& Sons},
  url       = {https://books.google.com/books?hl=en&lr=&id=rE0PEAAAQBAJ&oi=fnd&pg=PP1&dq=ip+address+management&ots=tAZF_0cNKd&sig=S1A-IQS4P0hJ0MCpkv6TLex3SBc},
}

@Comment{jabref-meta: databaseType:biblatex;}
